
@techreport{ngrt_recovery_2008,
	address = {Victoria, BC},
	title = {Recovery strategy for the {Northern} {Goshawk}, laingi subspecies ({Accipiter} gentilis laingi) in {British} {Columbia}},
	shorttitle = {Northern {Goshawk} {Recovery} {Team}},
	url = {http://a100.gov.bc.ca/pub/eirs/viewDocumentDetail.do?fromStatic=true&repository=BDP&documentId=7811},
	abstract = {This is the PROVINCIAL plan},
	institution = {B.C. Ministry of Environment},
	author = {NGRT},
	year = {2008},
	file = {NGRT - 2008 - Recovery strategy for the Northern Goshawk, laingi.pdf:C\:\\Users\\gwync\\Zotero\\storage\\JKR5ZKQL\\NGRT - 2008 - Recovery strategy for the Northern Goshawk, laingi.pdf:application/pdf}
}
